<?xml version="1.0" encoding="UTF-8"?><record xmlns="http://www.loc.gov/MARC21/slim" xmlns:cinclude="http://apache.org/cocoon/include/1.0" xmlns:zs="http://www.loc.gov/zing/srw/">
  <leader>00514cz  a2200145n  4500</leader>
  <controlfield tag="001">n  81073052 </controlfield>
  <controlfield tag="003">DLC</controlfield>
  <controlfield tag="005">20090122080459.0</controlfield>
  <controlfield tag="008">810716n| acannaabn          |a aaa      </controlfield>
  <datafield tag="010" ind1=" " ind2=" ">
    <subfield code="a">n  81073052 </subfield>
  </datafield>
  <datafield tag="035" ind1=" " ind2=" ">
    <subfield code="a">(OCoLC)oca00618356</subfield>
  </datafield>
  <datafield tag="040" ind1=" " ind2=" ">
    <subfield code="a">DLC</subfield>
    <subfield code="b">eng</subfield>
    <subfield code="c">DLC</subfield>
    <subfield code="d">OCoLC</subfield>
  </datafield>
  <datafield tag="100" ind1="1" ind2=" ">
    <subfield code="a">Vasilache, Grigore</subfield>
  </datafield>
  <datafield tag="400" ind1="1" ind2=" ">
    <subfield code="a">Vasilache, G.</subfield>
    <subfield code="q">(Grigore)</subfield>
  </datafield>
  <datafield tag="670" ind1=" " ind2=" ">
    <subfield code="a">His Sisteme de protecție împotriva tensiunilor electrice accidentale în instalațiile de joasă tensiune, 1980:</subfield>
    <subfield code="b">t.p. (ing. Grigore Vasilache) cover (G. Vasilache)</subfield>
  </datafield>
</record>